@article{henderson:1980,
  author = "Henderson, H. V. and Searle S. R.",
  title = "{On Deriving the Inverse of a Sum of Matrices}",
  year = "1980",
  journal = "Biometrics Unit Technical Reports",
  issue = "Number BU-647-M",
  url = "http://hdl.handle.net/1813/32750",
}
